@article{jordan1999introduction,
	title={An introduction to variational methods for graphical models},
	author={Jordan, Michael I and Ghahramani, Zoubin and Jaakkola, Tommi S and Saul, Lawrence K},
	journal={Machine learning},
	volume={37},
	number={2},
	pages={183--233},
	year={1999},
	publisher={Springer}
},


@article{ghahramani1997factorial,
	title={Factorial Hidden Markov Models},
	author={Ghahramani, Zoubin and Jordan, Michael I},
	journal={Machine learning},
	volume={29},
	number={2-3},
	pages={245--273},
	year={1997},
	publisher={Springer}
},


@inproceedings{logan1998factorial,
	title={Factorial HMMs for acoustic modeling},
	author={Logan, Beth and Moreno, Pedro},
	booktitle={Acoustics, Speech and Signal Processing, 1998. Proceedings of the 1998 IEEE International Conference on},
	volume={2},
	pages={813--816},
	year={1998},
	organization={IEEE}
},


@inproceedings{kim2011unsupervised,
	title={Unsupervised Disaggregation of Low Frequency Power Measurements.},
	author={Kim, Hyungsul and Marwah, Manish and Arlitt, Martin F and Lyon, Geoff and Han, Jiawei},
	booktitle={SDM},
	volume={11},
	pages={747--758},
	year={2011},
	organization={SIAM}
},


@inproceedings{parson2012non,
	title={Non-Intrusive Load Monitoring Using Prior Models of General Appliance Types},
	author={Parson, Oliver and Ghosh, Siddhartha and Weal, Mark and Rogers, Alex},
	booktitle={Twenty-Sixth AAAI Conference on Artificial Intelligence},
	year={2012}
},


@article{parson2014unsupervised,
	title={An unsupervised training method for Non-Intrusive Appliance Load Monitoring},
	author={Parson, Oliver and Ghosh, Siddhartha and Weal, Mark and Rogers, Alex},
	journal={Artificial Intelligence},
	volume={217},
	pages={1--19},
	year={2014},
	publisher={Elsevier}
},


@article{zoha2012non,
	title={Non-intrusive load monitoring approaches for disaggregated energy sensing: A survey},
	author={Zoha, Ahmed and Gluhak, Alexander and Imran, Muhammad Ali and Rajasegarar, Sutharshan},
	journal={Sensors},
	volume={12},
	number={12},
	pages={16838--16866},
	year={2012},
	publisher={Multidisciplinary Digital Publishing Institute}
},



@incollection{zhong2014signal,
	title = {Signal Aggregate Constraints in Additive Factorial HMMs, with Application to Energy Disaggregation},
	author = {Zhong, Mingjun and Goddard, Nigel and Sutton, Charles},
	booktitle = {Advances in Neural Information Processing Systems 27},
	editor = {Z. Ghahramani and M. Welling and C. Cortes and N.D. Lawrence and K.Q. Weinberger},
	pages = {3590--3598},
	year = {2014},
	publisher = {Curran Associates, Inc.},
	url = {http://papers.nips.cc/paper/5526-signal-aggregate-constraints-in-additive-factorial-hmms-with-application-to-energy-disaggregation.pdf}
},


@incollection{ramanan2004automatic,
	title = {Automatic Annotation of Everyday Movements},
	author = {Deva Ramanan and David A. Forsyth},
	booktitle = {Advances in Neural Information Processing Systems 16},
	editor = {S. Thrun and L.K. Saul and B. Sch\"{o}lkopf},
	pages = {1547--1554},
	year = {2004},
	publisher = {MIT Press},
	url = {http://papers.nips.cc/paper/2370-automatic-annotation-of-everyday-movements.pdf}
},


@ARTICLE{wohlmayr2013model,
	author={Wohlmayr, M. and Pernkopf, F.},
	journal={Audio, Speech, and Language Processing, IEEE Transactions on},
	title={Model-Based Multiple Pitch Tracking Using Factorial HMMs: Model Adaptation and Inference},
	year={2013},
	month={Aug},
	volume={21},
	number={8},
	pages={1742-1754},
	doi={10.1109/TASL.2013.2260744},
	ISSN={1558-7916},
},


@inproceedings{kolter2011redd,
  title={REDD: A public data set for energy disaggregation research},
  author={Kolter, J Zico and Johnson, Matthew J},
  booktitle={Workshop on Data Mining Applications in Sustainability (SIGKDD), San Diego, CA},
  volume={25},
  pages={59--62},
  year={2011},
  organization={Citeseer}
},


@article{energyus,
title={Annual energy review 2009},
journal={Technical report},
author={U.S. Energy Information Administration},
year = {2009}
},


@article{hart1992,
  title={Nonintrusive Appliance Load Monitoring},
  author={Hart, George William},
  journal={Proceedings of the IEEE},
  volume={80},
  number={12},
  pages={1870--1891},
  year={1992},
  publisher={IEEE}
},


@article{darby2006effectiveness,
  title={The effectiveness of feedback on energy consumption},
  author={Darby, Sarah and others},
  journal={A Review for DEFRA of the Literature on Metering, Billing and direct Displays},
  volume={486},
  pages={2006},
  year={2006}
},


@article{zeifman2011nonintrusive,
  title={Nonintrusive Appliance Load Monitoring: Review and outlook},
  author={Zeifman, Michael and Roth, Kurt},
  journal={IEEE Transactions on Consumer Electronics},
  pages={76--84},
  year={2011}
},


@inproceedings{precrecall,
  title={The relationship between Precision-Recall and ROC curves},
  author={Davis, Jesse and Goadrich, Mark},
  booktitle={Proceedings of the 23rd international conference on Machine learning},
  pages={233--240},
  year={2006},
  organization={ACM}
},



@inproceedings{dbscan,
  title={A density-based algorithm for discovering clusters in large spatial databases with noise.},
  author={Ester, Martin and Kriegel, Hans-Peter and Sander, J{\"o}rg and Xu, Xiaowei},
  booktitle={Kdd},
  volume={96},
  number={34},
  pages={226--231},
  year={1996}
},



@article{kmeans,
  title={Least squares quantization in PCM},
  author={Lloyd, Stuart},
  journal={Information Theory, IEEE Transactions on},
  volume={28},
  number={2},
  pages={129--137},
  year={1982},
  publisher={IEEE}
},



@article{clustering,
  title={Recent trends in hierarchic document clustering: a critical review},
  author={Willett, Peter},
  journal={Information Processing \& Management},
  volume={24},
  number={5},
  pages={577--597},
  year={1988},
  publisher={Elsevier}
},



@misc{ wiki:bfs,
   author = "Wikipedia",
   title = "Breadth-first search --- Wikipedia{,} The Free Encyclopedia",
   year = "2015",
   url = "http://en.wikipedia.org/w/index.php?title=Breadth-first_search&oldid=654801815",
   note = "[Online; accessed 14-April-2015]"
 },



@inproceedings{kolter2012fhmm,
  title={Approximate Inference in additive Factorial HMMs with application to Energy Disaggregation},
  author={Kolter, J Zico and Jaakkola, Tommi},
  booktitle={International conference on artificial intelligence and statistics},
  pages={1472--1482},
  year={2012}
},




@article{berges2010harm,
  title={Enhancing electricity audits in residential buildings with Non-Intrusive Load Monitoring},
  author={Berges, Mario E and Goldman, Ethan and Matthews, H Scott and Soibelman, Lucio},
  journal={Journal of industrial ecology},
  volume={14},
  number={5},
  pages={844--858},
  year={2010},
  publisher={Wiley Online Library}
},



@incollection{sparse,
title = {Energy Disaggregation via Discriminative Sparse Coding},
author = {J. Z. Kolter and Siddharth Batra and Andrew Y. Ng},
booktitle = {Advances in Neural Information Processing Systems 23},
editor = {J.D. Lafferty and C.K.I. Williams and J. Shawe-Taylor and R.S. Zemel and A. Culotta},
pages = {1153--1161},
year = {2010},
publisher = {Curran Associates, Inc.},
url = {http://papers.nips.cc/paper/4054-energy-disaggregation-via-discriminative-sparse-coding.pdf}
},



@article{johnson2013bayesian,
  title={Bayesian Nonparametric Hidden Semi-Markov Models},
  author={Johnson, Matthew J and Willsky, Alan S},
  journal={The Journal of Machine Learning Research},
  volume={14},
  number={1},
  pages={673--701},
  year={2013},
  publisher={JMLR. org}
},


@inproceedings{beckel2014eco,
  title={The eco data set and the performance of Non-Intrusive Load Monitoring algorithms},
  author={Beckel, Christian and Kleiminger, Wilhelm and Cicchetti, Romano and Staake, Thorsten and Santini, Silvia},
  booktitle={Proceedings of the 1st ACM Conference on Embedded Systems for Energy-Efficient Buildings},
  pages={80--89},
  year={2014},
  organization={ACM}
},


@article{anderson2014non,
  title={Non-Intrusive Load Monitoring: Disaggregation of Energy by Unsupervised Power Consumption Clustering},
  author={Anderson, Kyle D},
  year={2014}
},


@article{baum1970maximization,
  title={A maximization technique occurring in the statistical analysis of probabilistic functions of Markov chains},
  author={Baum, Leonard E and Petrie, Ted and Soules, George and Weiss, Norman},
  journal={The annals of mathematical statistics},
  pages={164--171},
  year={1970},
  publisher={JSTOR}
},


@article{viterbi1967error,
  title={Error bounds for convolutional codes and an asymptotically optimum decoding algorithm},
  author={Viterbi, Andrew J},
  journal={Information Theory, IEEE Transactions on},
  volume={13},
  number={2},
  pages={260--269},
  year={1967},
  publisher={IEEE}
},



@article{geman1984stochastic,
  title={Stochastic relaxation, Gibbs distributions, and the Bayesian restoration of images},
  author={Geman, Stuart and Geman, Donald},
  journal={Pattern Analysis and Machine Intelligence, IEEE Transactions on},
  number={6},
  pages={721--741},
  year={1984},
  publisher={IEEE}
}, 


@misc{leeb1996transient,
  title={Transient event detector for use in Non-Intrusive Load Monitoring systems},
  author={Leeb, Steven B and Kirtley Jr, James L},
  year={1996},
  month=jan # "~9",
  publisher={Google Patents},
  note={US Patent 5,483,153}
},


@inproceedings{gupta2010electrisense,
  title={ElectriSense: single-point sensing using EMI for electrical event detection and classification in the home},
  author={Gupta, Sidhant and Reynolds, Matthew S and Patel, Shwetak N},
  booktitle={Proceedings of the 12th ACM international conference on Ubiquitous computing},
  pages={139--148},
  year={2010},
  organization={ACM}
},


@inproceedings{yang2014optimal,
  title={Optimal privacy-preserving energy management for smart meters},
  author={Yang, Lei and Chen, Xu and Zhang, Junshan and Poor, H Vincent},
  booktitle={INFOCOM, 2014 Proceedings IEEE},
  pages={513--521},
  year={2014},
  organization={IEEE}
},


@article{lecun2015deep,
  title={Deep learning},
  author={LeCun, Yann and Bengio, Yoshua and Hinton, Geoffrey},
  journal={Nature},
  volume={521},
  number={7553},
  pages={436--444},
  year={2015},
  publisher={Nature Publishing Group}
},


@inproceedings{kelly2015neural,
  title={Neural nilm: Deep neural networks applied to energy disaggregation},
  author={Kelly, Jack and Knottenbelt, William},
  booktitle={Proceedings of the 2nd ACM International Conference on Embedded Systems for Energy-Efficient Built Environments},
  pages={55--64},
  year={2015},
  organization={ACM}
},


@article{czarnecki1997budeanu,
  title={Budeanu and Fryze: Two frameworks for interpreting power properties of circuits with nonsinusoidal voltages and currents},
  author={Czarnecki, LS},
  journal={Electrical Engineering},
  volume={80},
  number={6},
  pages={359--367},
  year={1997},
  publisher={Springer}
},


@inproceedings{anderson2012blued,
  title={BLUED: A fully labeled public dataset for event-based non-intrusive load monitoring research},
  author={Anderson, Kyle and Ocneanu, Adrian and Benitez, Diego and Carlson, Derrick and Rowe, Anthony and Berges, Mario},
  booktitle={Proceedings of the 2nd KDD workshop on data mining applications in sustainability (SustKDD)},
  pages={1--5},
  year={2012}
},


@article{kingma2013auto,
  title={Auto-encoding variational bayes},
  author={Kingma, Diederik P and Welling, Max},
  journal={arXiv preprint arXiv:1312.6114},
  year={2013}
},


@inproceedings{lange2016bolt,
  title={BOLT: Energy Disaggregation by Online Binary Matrix Factorization of Current Waveforms},
  author={Lange, Henning and Berg{\'e}s, Mario},
  booktitle={Proceedings of the 3rd ACM International Conference on Systems for Energy-Efficient Built Environments},
  pages={11--20},
  year={2016},
  organization={ACM}
},


@inproceedings{lange2016efficient,
  title={Efficient Inference in Dual-Emission FHMM for Energy Disaggregation},
  author={Lange, Henning and Berg{\'e}s, Mario},
  booktitle={Workshops at the Thirtieth AAAI Conference on Artificial Intelligence},
  year={2016}
},


@article{bengio2013estimating,
  title={Estimating or propagating gradients through stochastic neurons for conditional computation},
  author={Bengio, Yoshua and L{\'e}onard, Nicholas and Courville, Aaron},
  journal={arXiv preprint arXiv:1308.3432},
  year={2013}
},


@inproceedings{tang2013learning,
  title={Learning stochastic feedforward neural networks},
  author={Tang, Yichuan and Salakhutdinov, Ruslan R},
  booktitle={Advances in Neural Information Processing Systems},
  pages={530--538},
  year={2013}
},


@article{raiko2014techniques,
  title={Techniques for learning binary stochastic feedforward neural networks},
  author={Raiko, Tapani and Berglund, Mathias and Alain, Guillaume and Dinh, Laurent},
  journal={arXiv preprint arXiv:1406.2989},
  year={2014}
},


@article{hochreiter1997long,
  title={Long short-term memory},
  author={Hochreiter, Sepp and Schmidhuber, J{\"u}rgen},
  journal={Neural computation},
  volume={9},
  number={8},
  pages={1735--1780},
  year={1997},
  publisher={MIT Press}
},


@inproceedings{jia2015fully,
  title={A fully unsupervised non-intrusive load monitoring framework},
  author={Jia, Ruoxi and Gao, Yang and Spanos, Costas J},
  booktitle={Smart Grid Communications (SmartGridComm), 2015 IEEE International Conference on},
  pages={872--878},
  year={2015},
  organization={IEEE}
},



@article{blei2011variational,
  title={Variational Inference},
  author={Blei, David M},
  journal={Lecture from Princeton, \url{https://www.cs.princeton.edu/courses/archive/fall11/cos597C/lectures/variational-inference-i.pdf}},
  year={2011}
},


@misc{chollet2015,
author = {François Chollet },
title = {keras},
year = {2015},
publisher = {GitHub},
journal = {GitHub repository},
howpublished = {\url{https://github.com/fchollet/keras}}
},


@article{jang2016categorical,
  title={Categorical reparameterization with gumbel-softmax},
  author={Jang, Eric and Gu, Shixiang and Poole, Ben},
  journal={arXiv preprint arXiv:1611.01144},
  year={2016}
},


@inproceedings{ng2016scaling,
  title={Scaling Factorial Hidden Markov Models: Stochastic Variational Inference without Messages},
  author={Ng, Yin Cheng and Chilinski, Pawel M and Silva, Ricardo},
  booktitle={Advances in Neural Information Processing Systems},
  pages={4044--4052},
  year={2016}
},


@article{asif2011large,
  title={Large-scale learning of combinatorial transcriptional dynamics from gene expression},
  author={Asif, HM Shahzad and Sanguinetti, Guido},
  journal={Bioinformatics},
  volume={27},
  number={9},
  pages={1277--1283},
  year={2011},
  publisher={Oxford University Press}
},


@book{van2012subspace,
  title={Subspace identification for linear systems: Theory—Implementation—Applications},
  author={Van Overschee, Peter and De Moor, BL},
  year={2012},
  publisher={Springer Science \& Business Media}
},


@article{dempster1977maximum,
  title={Maximum likelihood from incomplete data via the EM algorithm},
  author={Dempster, Arthur P and Laird, Nan M and Rubin, Donald B},
  journal={Journal of the royal statistical society. Series B (methodological)},
  pages={1--38},
  year={1977},
  publisher={JSTOR}
},


@book{box2015time,
  title={Time series analysis: forecasting and control},
  author={Box, George EP and Jenkins, Gwilym M and Reinsel, Gregory C and Ljung, Greta M},
  year={2015},
  publisher={John Wiley \& Sons}
},


@book{schon2009explanation,
  title={An explanation of the expectation maximization algorithm},
  author={Sch{\"o}n, Thomas},
  year={2009}
},


@article{hart1992nonintrusive,
  title={Nonintrusive appliance load monitoring},
  author={Hart, George William},
  journal={Proceedings of the IEEE},
  volume={80},
  number={12},
  pages={1870--1891},
  year={1992},
  publisher={IEEE}
},


@inproceedings{kolter2012approximate,
  title={Approximate inference in additive factorial hmms with application to energy disaggregation},
  author={Kolter, J Zico and Jaakkola, Tommi},
  booktitle={Artificial Intelligence and Statistics},
  pages={1472--1482},
  year={2012}
},



@inproceedings{ghahramani1996factorial,
  title={Factorial hidden Markov models},
  author={Ghahramani, Zoubin and Jordan, Michael I},
  booktitle={Advances in Neural Information Processing Systems},
  pages={472--478},
  year={1996}
},



@article{blei2017variational,
  title={Variational inference: A review for statisticians},
  author={Blei, David M and Kucukelbir, Alp and McAuliffe, Jon D},
  journal={Journal of the American Statistical Association},
  volume={112},
  number={518},
  pages={859--877},
  year={2017},
  publisher={Taylor \& Francis}
},


@article{hoffman2013stochastic,
  title={Stochastic variational inference},
  author={Hoffman, Matthew D and Blei, David M and Wang, Chong and Paisley, John},
  journal={The Journal of Machine Learning Research},
  volume={14},
  number={1},
  pages={1303--1347},
  year={2013},
  publisher={JMLR. org}
},


@article{mnih2014neural,
  title={Neural variational inference and learning in belief networks},
  author={Mnih, Andriy and Gregor, Karol},
  journal={arXiv preprint arXiv:1402.0030},
  year={2014}
},


@inproceedings{ranganath2014black,
  title={Black box variational inference},
  author={Ranganath, Rajesh and Gerrish, Sean and Blei, David},
  booktitle={Artificial Intelligence and Statistics},
  pages={814--822},
  year={2014}
},


@article{zhang2017advances,
  title={Advances in Variational Inference},
  author={Zhang, Cheng and Butepage, Judith and Kjellstrom, Hedvig and Mandt, Stephan},
  journal={arXiv preprint arXiv:1711.05597},
  year={2017}
},


@article{rezende2015variational,
  title={Variational inference with normalizing flows},
  author={Rezende, Danilo Jimenez and Mohamed, Shakir},
  journal={arXiv preprint arXiv:1505.05770},
  year={2015}
},


@incollection{geman1987stochastic,
  title={Stochastic relaxation, Gibbs distributions, and the Bayesian restoration of images},
  author={Geman, Stuart and Geman, Donald},
  booktitle={Readings in Computer Vision},
  pages={564--584},
  year={1987},
  publisher={Elsevier}
},


@article{kalman1960contributions,
  title={Contributions to the theory of optimal control},
  author={Kalman, Rudolf Emil and others},
  journal={Bol. Soc. Mat. Mexicana},
  volume={5},
  number={2},
  pages={102--119},
  year={1960}
},



@inproceedings{lange2018factornet,
  title={FactorNet: Learning to Factorize Intractable and Multi-Modal Posterior Distributions for Energy Disaggregation},
  author={Lange, Henning and Berg{\'e}s, Mario},
  booktitle={Proceedings of the 4th International Workshop on Non-Intrusive Load Monitoring},
  year={2018}
},


@inproceedings{lange2018varbolt,
  title={VarBOLT: PlaceHolder},
  author={Lange, Henning and Berg{\'e}s, Mario},
  booktitle={Proceedings of the 4th International Workshop on Non-Intrusive Load Monitoring},
  year={2018}
},


@article{horvitz1952generalization,
  title={A generalization of sampling without replacement from a finite universe},
  author={Horvitz, Daniel G and Thompson, Donovan J},
  journal={Journal of the American statistical Association},
  volume={47},
  number={260},
  pages={663--685},
  year={1952},
  publisher={Taylor \& Francis Group}
},


@article{shah2018without,
  title={Without-replacement sampling for particle methods on finite state spaces},
  author={Shah, Rohan and Kroese, Dirk P},
  journal={Statistics and Computing},
  volume={28},
  number={3},
  pages={633--652},
  year={2018},
  publisher={Springer}
},


@article{deville1998unequal,
  title={Unequal probability sampling without replacement through a splitting method},
  author={Deville, Jean-Claude and Tille, Yves},
  journal={Biometrika},
  volume={85},
  number={1},
  pages={89--101},
  year={1998},
  publisher={Oxford University Press}
},


@book{mcbook,
   author = {Art B. Owen},
   year = 2013,
   title = {Monte Carlo theory, methods and examples}
},


@article{buchholz2018quasi,
  title={Quasi-Monte Carlo Variational Inference},
  author={Buchholz, Alexander and Wenzel, Florian and Mandt, Stephan},
  journal={arXiv preprint arXiv:1807.01604},
  year={2018}
},


@incollection{neal1998view,
  title={A view of the EM algorithm that justifies incremental, sparse, and other variants},
  author={Neal, Radford M and Hinton, Geoffrey E},
  booktitle={Learning in graphical models},
  pages={355--368},
  year={1998},
  publisher={Springer}
},


@book{bellman2013dynamic,
  title={Dynamic programming},
  author={Bellman, Richard},
  year={2013},
  publisher={Courier Corporation}
},


@misc{nelles2002nonlinear,
  title={Nonlinear system identification},
  author={Nelles, Oliver},
  year={2002},
  publisher={IOP Publishing}
},


@book{sutton1998reinforcement,
  title={Reinforcement learning: An introduction},
  author={Sutton, Richard S and Barto, Andrew G},
  volume={1},
  number={1},
  year={1998},
  publisher={MIT press Cambridge}
},


@article{mnih2013playing,
  title={Playing atari with deep reinforcement learning},
  author={Mnih, Volodymyr and Kavukcuoglu, Koray and Silver, David and Graves, Alex and Antonoglou, Ioannis and Wierstra, Daan and Riedmiller, Martin},
  journal={arXiv preprint arXiv:1312.5602},
  year={2013}
},


@article{hazyuk2012optimal,
  title={Optimal temperature control of intermittently heated buildings using Model Predictive Control: Part I--Building modeling},
  author={Hazyuk, Ion and Ghiaus, Christian and Penhouet, David},
  journal={Building and Environment},
  volume={51},
  pages={379--387},
  year={2012},
  publisher={Elsevier}
},


@article{coley1996simplified,
  title={Simplified thermal response modelling in building energy management. paper III: demonstration of a working controller},
  author={Coley, DA and Penman, JM},
  journal={Building and environment},
  volume={31},
  number={2},
  pages={93--97},
  year={1996},
  publisher={Elsevier}
},


@article{garcia1997reduced,
  title={A reduced model of central heating systems as a realistic scenario for analyzing control strategies},
  author={Garc{\'\i}a-Sanz, M},
  journal={Applied Mathematical Modelling},
  volume={21},
  number={9},
  pages={535--545},
  year={1997},
  publisher={Elsevier}
},


@article{benard1992optimal,
  title={Optimal building energy management: part I—modeling},
  author={B{\'e}nard, C and Guerrier, B and Rosset-Louerat, M-M},
  journal={Journal of Solar Energy Engineering},
  volume={114},
  number={1},
  pages={2--12},
  year={1992},
  publisher={American Society of Mechanical Engineers}
},


@article{jimenez2008identification,
  title={Identification of the main thermal characteristics of building components using MATLAB},
  author={Jim{\'e}nez, MJ and Madsen, Henrik and Andersen, Klaus Kaae},
  journal={Building and Environment},
  volume={43},
  number={2},
  pages={170--180},
  year={2008},
  publisher={Elsevier}
},


@article{gouda2002building,
  title={Building thermal model reduction using nonlinear constrained optimization},
  author={Gouda, MM and Danaher, Sean and Underwood, CP},
  journal={Building and environment},
  volume={37},
  number={12},
  pages={1255--1265},
  year={2002},
  publisher={Elsevier}
},


@inproceedings{kummert1996development,
  title={Development of simplified models for solar buildings optimal control},
  author={Kummert, Micha{\"e}l and Andr{\'e}, Philippe and Nicolas, Jacques and others},
  booktitle={Proceedings of ISES Eurosun 96 Congress},
  pages={1055--1061},
  year={1996}
},


@article{xu2007optimal,
  title={Optimal simplified thermal models of building envelope based on frequency domain regression using genetic algorithm},
  author={Xu, Xinhua and Wang, Shengwei},
  journal={Energy and Buildings},
  volume={39},
  number={5},
  pages={525--536},
  year={2007},
  publisher={Elsevier}
},


@article{li2015system,
  title={System identification and model-predictive control of office buildings with integrated photovoltaic-thermal collectors, radiant floor heating and active thermal storage},
  author={Li, Siwei and Joe, Jaewan and Hu, Jianjun and Karava, Panagiota},
  journal={Solar energy},
  volume={113},
  pages={139--157},
  year={2015},
  publisher={Elsevier}
},


@incollection{ljung1998system,
  title={System identification},
  author={Ljung, Lennart},
  booktitle={Signal analysis and prediction},
  pages={163--173},
  year={1998},
  publisher={Springer}
},


@article{rios2007modelling,
  title={Modelling temperature in intelligent buildings by means of autoregressive models},
  author={R{\'\i}os-Moreno, GJ and Trejo-Perea, M and Castaneda-Miranda, R and Hern{\'a}ndez-Guzm{\'a}n, VM and Herrera-Ruiz, G},
  journal={Automation in Construction},
  volume={16},
  number={5},
  pages={713--722},
  year={2007},
  publisher={Elsevier}
},


@article{dahlin2018constructing,
  title={Constructing Metropolis-Hastings proposals using damped BFGS updates},
  author={Dahlin, Johan and Wills, Adrian and Ninness, Brett},
  journal={arXiv preprint arXiv:1801.01243},
  year={2018}
},


@book{camacho2013model,
  title={Model predictive control},
  author={Camacho, Eduardo F and Alba, Carlos Bordons},
  year={2013},
  publisher={Springer Science \& Business Media}
},


@article{wonham1968separation,
  title={On the separation theorem of stochastic control},
  author={Wonham, WMj},
  journal={SIAM Journal on Control},
  volume={6},
  number={2},
  pages={312--326},
  year={1968},
  publisher={SIAM}
},


@article{bar1974dual,
  title={Dual effect, certainty equivalence, and separation in stochastic control},
  author={Bar-Shalom, Yaakov and Tse, Edison},
  journal={IEEE Transactions on Automatic Control},
  volume={19},
  number={5},
  pages={494--500},
  year={1974},
  publisher={IEEE}
},


@article{mesbah2017stochastic,
  title={Stochastic model predictive control with active uncertainty learning: A Survey on dual control},
  author={Mesbah, Ali},
  journal={Annual Reviews in Control},
  year={2017},
  publisher={Elsevier}
},


@article{norford1996non,
  title={Non-intrusive electrical load monitoring in commercial buildings based on steady-state and transient load-detection algorithms},
  author={Norford, Leslie K and Leeb, Steven B},
  journal={Energy and Buildings},
  volume={24},
  number={1},
  pages={51--64},
  year={1996},
  publisher={Elsevier}
},


@article{giri2015energy,
  title={An energy estimation framework for event-based methods in Non-Intrusive Load Monitoring},
  author={Giri, Suman and Berg{\'e}s, Mario},
  journal={Energy Conversion and Management},
  volume={90},
  pages={488--498},
  year={2015},
  publisher={Elsevier}
},


@article{he2016non,
  title={Non-intrusive load disaggregation using graph signal processing},
  author={He, Kanghang and Stankovic, Lina and Liao, Jing and Stankovic, Vladimir},
  journal={IEEE Transactions on Smart Grid},
  year={2016},
  publisher={IEEE}
},


@inproceedings{shao2012temporal,
  title={A temporal motif mining approach to unsupervised energy disaggregation},
  author={Shao, Huijuan and Marwah, Manish and Ramakrishnan, Naren},
  booktitle={Proceedings of the 1st International Workshop on Non-Intrusive Load Monitoring, Pittsburgh, PA, USA},
  volume={7},
  year={2012}
},


@article{wainwright2008graphical,
  title={Graphical models, exponential families, and variational inference},
  author={Wainwright, Martin J and Jordan, Michael I and others},
  journal={Foundations and Trends{\textregistered} in Machine Learning},
  volume={1},
  number={1--2},
  pages={1--305},
  year={2008},
  publisher={Now Publishers, Inc.}
},


@article{armel2013disaggregation,
  title={Is disaggregation the holy grail of energy efficiency? The case of electricity},
  author={Armel, K Carrie and Gupta, Abhay and Shrimali, Gireesh and Albert, Adrian},
  journal={Energy Policy},
  volume={52},
  pages={213--234},
  year={2013},
  publisher={Elsevier}
},


@book{kuczma2009introduction,
  title={An introduction to the theory of functional equations and inequalities: Cauchy's equation and Jensen's inequality},
  author={Kuczma, Marek},
  year={2009},
  publisher={Springer Science \& Business Media}
},



@online{EPA,
  author = {US EPA},
  title = {{Climate Change} United States Environmental Protection Agency},
  year = 2017,
  url = {https://19january2017snapshot.epa.gov/climatechange_.html},
  urldate = {2017-01-19}
},



@online{AEIC,
  author = {AEIC},
  title = {{American Energy Innovation Council} RENEWING AMERICA’S ENERGY TECHNOLOGY LEADERSHIP},
  year = 2017,
  url = {http://americanenergyinnovation.org/},
  urldate = {2017-01-19}
},


@article{ferc2012history,
  title={History of optimal power flow and formulations},
  author={Cain, Mary B and O’neill, Richard P and Castillo, Anya},
  journal={Federal Energy Regulatory Commission},
  pages={1--36},
  year={2012}
},


@inproceedings{vrakopoulou2013probabilistic,
  title={Probabilistic security-constrained AC optimal power flow},
  author={Vrakopoulou, Maria and Katsampani, Marina and Margellos, Kostas and Lygeros, John and Andersson, Goran},
  booktitle={PowerTech (POWERTECH), 2013 IEEE Grenoble},
  pages={1--6},
  year={2013},
  organization={IEEE}
},



@inproceedings{klump2000new,
  title={A new method for finding low-voltage power flow solutions},
  author={Klump, Raymond P and Overbye, TJ},
  booktitle={Power Engineering Society Summer Meeting, 2000. IEEE},
  volume={1},
  pages={593--597},
  year={2000},
  organization={IEEE}
},


@article{thorp1997load,
  title={Load-flow fractals draw clues to erratic behaviour},
  author={Thorp, James S and Naqavi, Syed A},
  journal={IEEE Computer Applications in Power},
  volume={10},
  number={1},
  pages={59--62},
  year={1997},
  publisher={IEEE}
},


@inproceedings{trias2012holomorphic,
  title={The holomorphic embedding load flow method},
  author={Trias, Antonio},
  booktitle={Power and Energy Society General Meeting, 2012 IEEE},
  pages={1--8},
  year={2012},
  organization={IEEE}
},


@article{cain2012history,
  title={History of optimal power flow and formulations},
  author={Cain, Mary B and O’neill, Richard P and Castillo, Anya},
  journal={Federal Energy Regulatory Commission},
  pages={1--36},
  year={2012}
},


@article{hiskens2001exploring,
  title={Exploring the power flow solution space boundary},
  author={Hiskens, Ian A and Davy, Robert J},
  journal={IEEE transactions on power systems},
  volume={16},
  number={3},
  pages={389--395},
  year={2001},
  publisher={IEEE}
},


@article{schecter2013exploration,
  title={Exploration of the ACOPF feasible region for the standard IEEE test set optimal power flow},
  author={Schecter, A and O’Neill, RP},
  journal={FERC staff technical paper},
  year={2013}
},


@inproceedings{okumura1991solution,
  title={Solution of ill-conditioned load flow equation by homotopy continuation method},
  author={Okumura, Kohshi and Terai, Kenji and Kishima, Akira},
  booktitle={Circuits and Systems, 1991., IEEE International Sympoisum on},
  pages={2897--2899},
  year={1991},
  organization={IEEE}
},



@article{stott1974fast,
  title={Fast decoupled load flow},
  author={Stott, Brian and Alsac, Of},
  journal={IEEE transactions on power apparatus and systems},
  number={3},
  pages={859--869},
  year={1974},
  publisher={IEEE}
},


@article{leonidopoulos1995approximate,
  title={Approximate linear decoupled solution as the initial value of power system load flow},
  author={Leonidopoulos, Georgios},
  journal={Electric power systems research},
  volume={32},
  number={3},
  pages={161--163},
  year={1995},
  publisher={Elsevier}
},


@inproceedings{klump2000techniques,
  title={Techniques for improving power flow convergence},
  author={Klump, Raymond P and Overbye, TJ},
  booktitle={Power Engineering Society Summer Meeting, 2000. IEEE},
  volume={1},
  pages={598--603},
  year={2000},
  organization={IEEE}
},


@inproceedings{stott1971effective,
  title={Effective starting process for Newton-Raphson load flows},
  author={Stott, B},
  booktitle={Proceedings of the institution of electrical engineers},
  volume={118},
  number={8},
  pages={983--987},
  year={1971},
  organization={IET}
},


@article{milano2009continuous,
  title={Continuous Newton's method for power flow analysis},
  author={Milano, Federico},
  journal={IEEE Transactions on Power Systems},
  volume={24},
  number={1},
  pages={50--57},
  year={2009},
  publisher={IEEE}
},


@article{trias2015fundamentals,
  title={Fundamentals of the holomorphic embedding load-flow method},
  author={Trias, Antonio},
  journal={arXiv preprint arXiv:1509.02421},
  year={2015}
},


@article{frank2012optimal,
  title={Optimal power flow: a bibliographic survey I},
  author={Frank, Stephen and Steponavice, Ingrida and Rebennack, Steffen},
  journal={Energy Systems},
  volume={3},
  number={3},
  pages={221--258},
  year={2012},
  publisher={Springer}
},



@article{hale1956digital,
  title={Digital computer solution of power flow problems},
  author={Hale, HW and Ward, JB},
  journal={AIEE Transactions, pt. III (Power Apparatus and Systems)},
  volume={75},
  pages={398--402},
  year={1956}
},



@article{carpentier1962contribution,
  title={Contribution a l’etude du dispatching economique},
  author={Carpentier, J},
  journal={Bulletin de la Societe Francaise des Electriciens},
  volume={3},
  number={1},
  pages={431--447},
  year={1962}
},


@article{lawler1966branch,
  title={Branch-and-bound methods: A survey},
  author={Lawler, Eugene L and Wood, David E},
  journal={Operations research},
  volume={14},
  number={4},
  pages={699--719},
  year={1966},
  publisher={INFORMS}
},


@article{tamura1983relationship,
  title={Relationship between voltage instability and multiple load flow solutions in electric power systems},
  author={Tamura, Y and Mori, H and Iwamoto, S},
  journal={IEEE Transactions on power apparatus and systems},
  number={5},
  pages={1115--1125},
  year={1983},
  publisher={IEEE}
},



@article{stott2009dc,
  title={DC power flow revisited},
  author={Stott, Brian and Jardim, Jorge and Alsa{\c{c}}, Ongun},
  journal={IEEE Transactions on Power Systems},
  volume={24},
  number={3},
  pages={1290--1300},
  year={2009},
  publisher={IEEE}
},



@article{li2014review,
  title={Review of building energy modeling for control and operation},
  author={Li, Xiwang and Wen, Jin},
  journal={Renewable and Sustainable Energy Reviews},
  volume={37},
  pages={517--537},
  year={2014},
  publisher={Elsevier}
},



@article{wallace2016alternative,
  title={Alternative PV bus modelling with the holomorphic embedding load flow method},
  author={Wallace, I and Roberts, D and Grothey, A and McKinnon, KIM},
  journal={arXiv preprint arXiv:1607.00163},
  year={2016}
},



@article{stahl1997convergence,
  title={The convergence of Pad{\'e} approximants to functions with branch points},
  author={Stahl, Herbert},
  journal={Journal of Approximation Theory},
  volume={91},
  number={2},
  pages={139--204},
  year={1997},
  publisher={Elsevier}
},


@article{peters2008natural,
  title={Natural actor-critic},
  author={Peters, Jan and Schaal, Stefan},
  journal={Neurocomputing},
  volume={71},
  number={7-9},
  pages={1180--1190},
  year={2008},
  publisher={Elsevier}
},



@article{eia2016,
  title={Short Tern Energy Outlook},
  author={EnergyInformationAuthority-USA},
  year={2016}
},



@article{huang2018neural,
  title={Neural Autoregressive Flows},
  author={Huang, Chin-Wei and Krueger, David and Lacoste, Alexandre and Courville, Aaron},
  journal={arXiv preprint arXiv:1804.00779},
  year={2018}
},



@article{visintini2006monte,
  title={Monte Carlo optimization for conflict resolution in air traffic control},
  author={Visintini, Andrea Lecchini and Glover, William and Lygeros, John and Maciejowski, Jan},
  journal={IEEE Transactions on Intelligent Transportation Systems},
  volume={7},
  number={4},
  pages={470--482},
  year={2006},
  publisher={IEEE}
},


@incollection{maciejowski2007nmpc,
  title={NMPC for complex stochastic systems using a Markov chain Monte Carlo approach},
  author={Maciejowski, Jan M and Visintini, Andrea Lecchini and Lygeros, John},
  booktitle={Assessment and future directions of nonlinear model predictive control},
  pages={269--281},
  year={2007},
  publisher={Springer}
},



@incollection{weissel2009stochastic,
  title={Stochastic nonlinear model predictive control based on Gaussian mixture approximations},
  author={Weissel, Florian and Huber, Marco F and Hanebeck, Uwe D},
  booktitle={Informatics in Control, Automation and Robotics},
  pages={239--252},
  year={2009},
  publisher={Springer}
},




@article{mesbah2016stochastic,
  title={Stochastic model predictive control: An overview and perspectives for future research},
  author={Mesbah, Ali},
  journal={IEEE Control Systems},
  volume={36},
  number={6},
  pages={30--44},
  year={2016},
  publisher={IEEE}
},



@inproceedings{mesbah2014stochastic,
  title={Stochastic nonlinear model predictive control with probabilistic constraints},
  author={Mesbah, Ali and Streif, Stefan and Findeisen, Rolf and Braatz, Richard D},
  booktitle={American Control Conference (ACC), 2014},
  pages={2413--2419},
  year={2014},
  organization={IEEE}
},



@article{dalamagkidis2007reinforcement, title={Reinforcement learning for energy conservation and comfort in buildings}, author={Dalamagkidis, Konstantinos and Kolokotsa, Denia and Kalaitzakis, Konstantinos and Stavrakakis, George S}, journal={Building and environment}, volume={42}, number={7}, pages={2686--2698}, year={2007}, publisher={Elsevier} },



@inproceedings{anderson2012event,
  title={Event detection for non intrusive load monitoring},
  author={Anderson, Kyle D and Berg{\'e}s, Mario E and Ocneanu, Adrian and Benitez, Diego and Moura, Jos{\'e} MF},
  booktitle={IECON 2012-38th Annual Conference on IEEE Industrial Electronics Society},
  pages={3312--3317},
  year={2012},
  organization={IEEE}
},



@article{muller1991monte,
  title={Monte Carlo integration in general dynamic models},
  author={M{\"u}ller, Peter},
  journal={Contemporary Mathematics},
  volume={115},
  pages={145--163},
  year={1991}
},



@article{bolviken2001monte,
  title={Monte Carlo filters for non-linear state estimation},
  author={B{\o}Lviken, Erik and Acklam, Peter J and Christophersen, Nils and St{\o}Rdal, John-Mikal},
  journal={Automatica},
  volume={37},
  number={2},
  pages={177--183},
  year={2001},
  publisher={Elsevier}
},



@article{kitagawa1998self,
  title={A self-organizing state-space model},
  author={Kitagawa, Genshiro},
  journal={Journal of the American Statistical Association},
  pages={1203--1215},
  year={1998},
  publisher={JSTOR}
},



@inproceedings{lange2016varbolt,
  title={Variational BOLT: Approximate Learning in Factorial Hidden Markov Models with Application to Energy Disaggregation},
  author={Lange, Henning and Berg{\'e}s, Mario},
  booktitle={to appear: AAAI 2018},
  year={2018},
},


@inproceedings{carreira2015hashing,
  title={Hashing with binary autoencoders},
  author={Carreira-Perpin{\'a}n, Miguel A and Raziperchikolaei, Ramin},
  booktitle={Proceedings of the IEEE Conference on Computer Vision and Pattern Recognition},
  pages={557--566},
  year={2015}
},


@article{jiafully,
  title={A Fully Unsupervised Non-intrusive Load Monitoring Framework},
  author={Jia, Ruoxi and Gao, Yang and Spanos, Costas J}
},


@article{lange2016disaggregation,
  title={Disaggregation by State Inference A Probabilistic Framework For Non-Intrusive Load Monitoring},
  author={Lange, Henning and others},
  year={2016}
},


@article{schmidhuber2015deep,
  title={Deep learning in neural networks: An overview},
  author={Schmidhuber, J{\"u}rgen},
  journal={Neural Networks},
  volume={61},
  pages={85--117},
  year={2015},
  publisher={Elsevier}
},

@inproceedings{gao2014plaid,
  title={PLAID: a public dataset of high-resoultion electrical appliance measurements for load identification research: demo abstract},
  author={Gao, Jingkun and Giri, Suman and Kara, Emre Can and Berg{\'e}s, Mario},
  booktitle={proceedings of the 1st ACM Conference on Embedded Systems for Energy-Efficient Buildings},
  pages={198--199},
  year={2014},
  organization={ACM}
},

@techreport{klee1970good,
  title={How good is the simplex algorithm},
  author={Klee, Victor and Minty, George J},
  year={1970},
  institution={WASHINGTON UNIV SEATTLE DEPT OF MATHEMATICS}
},


@incollection{matsumoto2016energy,
  title={Energy Disaggregation Based on Semi-Binary NMF},
  author={Matsumoto, Masako and Fujimoto, Yu and Hayashi, Yasuhiro},
  booktitle={Machine Learning and Data Mining in Pattern Recognition},
  pages={401--414},
  year={2016},
  publisher={Springer}
},


@inproceedings{stanculescu2014hierarchical,
  title={A Hierarchical Switching Linear Dynamical System Applied to the Detection of Sepsis in Neonatal Condition Monitoring.},
  author={Stanculescu, Ioan and Williams, Christopher KI and Freer, Yvonne},
  booktitle={UAI},
  pages={752--761},
  year={2014}
},

@article{kelly2016does,
  title={Does disaggregated electricity feedback reduce domestic electricity consumption? A systematic review of the literature},
  author={Kelly, Jack and Knottenbelt, William},
  journal={arXiv preprint arXiv:1605.00962},
  year={2016}
},

@inproceedings{alcala2015detecting,
  title={Detecting anomalies in activities of daily living of elderly residents via energy disaggregation and cox processes},
  author={Alcal{\'a}, Jos{\'e} and Parson, Oliver and Rogers, Alex},
  booktitle={Proceedings of the 2nd ACM International Conference on Embedded Systems for Energy-Efficient Built Environments},
  pages={225--234},
  year={2015},
  organization={ACM}
},


@article{he2013incorporating,
  title={Incorporating non-intrusive load monitoring into building level demand response},
  author={He, Dawei and Lin, Weixuan and Liu, Nan and Harley, Ronald G and Habetler, Thomas G},
  journal={IEEE Transactions on Smart Grid},
  volume={4},
  number={4},
  pages={1870--1877},
  year={2013},
  publisher={IEEE}
},


@article{ambrogioni2018wasserstein,
  title={Wasserstein Variational Gradient Descent: From Semi-Discrete Optimal Transport to Ensemble Variational Inference},
  author={Ambrogioni, Luca and Guclu, Umut and Gucluturk, Yagmur and van Gerven, Marcel},
  journal={arXiv preprint arXiv:1811.02827},
  year={2018}
},


@inproceedings{denucci2005diagnostic,
  title={Diagnostic indicators for shipboard systems using non-intrusive load monitoring},
  author={DeNucci, Tom and Cox, Robert and Leeb, Steven B and Paris, James and McCoy, TJ and Laughman, Christopher and Greene, WC},
  booktitle={Electric ship technologies symposium, 2005 IEEE},
  pages={413--420},
  year={2005},
  organization={IEEE}
},

@inproceedings{khan2004rao,
  title={A rao-blackwellized particle filter for eigentracking},
  author={Khan, Zia and Balch, Tucker and Dellaert, Frank},
  year={2004},
  organization={Georgia Institute of Technology}
},


@article{change2014mitigation,
  title={Mitigation of climate change},
  author={Change, IPCC Climate and others},
  journal={Contribution of Working Group III to the Fifth Assessment Report of the Intergovernmental Panel on Climate Change},
  volume={1454},
  year={2014},
  publisher={Cambridge University Press Cambridge, United Kingdom and New York, NY, USA}
},


@article{capitanescu2016critical,
  title={Critical review of recent advances and further developments needed in AC optimal power flow},
  author={Capitanescu, Florin},
  journal={Electric Power Systems Research},
  volume={136},
  pages={57--68},
  year={2016},
  publisher={Elsevier}
},

@article{geyer1992practical,
  title={Practical markov chain monte carlo},
  author={Geyer, Charles J},
  journal={Statistical science},
  pages={473--483},
  year={1992},
  publisher={JSTOR}
},

@incollection{bottou2010large,
  title={Large-scale machine learning with stochastic gradient descent},
  author={Bottou, L{\'e}on},
  booktitle={Proceedings of COMPSTAT'2010},
  pages={177--186},
  year={2010},
  publisher={Springer}
},

@inproceedings{zinkevich2010parallelized,
  title={Parallelized stochastic gradient descent},
  author={Zinkevich, Martin and Weimer, Markus and Li, Lihong and Smola, Alex J},
  booktitle={Advances in neural information processing systems},
  pages={2595--2603},
  year={2010}
},

@inproceedings{kingma2016improved,
  title={Improved variational inference with inverse autoregressive flow},
  author={Kingma, Durk P and Salimans, Tim and Jozefowicz, Rafal and Chen, Xi and Sutskever, Ilya and Welling, Max},
  booktitle={Advances in neural information processing systems},
  pages={4743--4751},
  year={2016}
},

@article{grathwohl2018ffjord,
  title={Ffjord: Free-form continuous dynamics for scalable reversible generative models},
  author={Grathwohl, Will and Chen, Ricky TQ and Betterncourt, Jesse and Sutskever, Ilya and Duvenaud, David},
  journal={arXiv preprint arXiv:1810.01367},
  year={2018}
},

@inproceedings{zhang2018sequence,
  title={Sequence-to-point learning with neural networks for non-intrusive load monitoring},
  author={Zhang, Chaoyun and Zhong, Mingjun and Wang, Zongzuo and Goddard, Nigel and Sutton, Charles},
  booktitle={Thirty-Second AAAI Conference on Artificial Intelligence},
  year={2018}
},

@article{barsim2018neural,
  title={Neural network ensembles to real-time identification of plug-level appliance measurements},
  author={Barsim, Karim Said and Mauch, Lukas and Yang, Bin},
  journal={arXiv preprint arXiv:1802.06963},
  year={2018}
},


@article{salerno2018extreme,
  title={An extreme learning machine approach to effective energy disaggregation},
  author={Salerno, Valerio and Rabbeni, Graziella},
  journal={Electronics},
  volume={7},
  number={10},
  pages={235},
  year={2018},
  publisher={Multidisciplinary Digital Publishing Institute}
},


@inproceedings{shaloudegi2016sdp,
  title={SDP relaxation with randomized rounding for energy disaggregation},
  author={Shaloudegi, Kiarash and Gy{\"o}rgy, Andr{\'a}s and Szepesv{\'a}ri, Csaba and Xu, Wilsun},
  booktitle={Advances in Neural Information Processing Systems},
  pages={4978--4986},
  year={2016}
},


@article{de2018appliance,
  title={Appliance classification using VI trajectories and convolutional neural networks},
  author={De Baets, Leen and Ruyssinck, Joeri and Develder, Chris and Dhaene, Tom and Deschrijver, Dirk},
  journal={Energy and Buildings},
  volume={158},
  pages={32--36},
  year={2018},
  publisher={Elsevier}
},

@inproceedings{el2009rjmcmc,
  title={RJMCMC point process sampler for single sensor source separation: an application to electric load monitoring},
  author={El Guedri, Mabrouka and Bect, Julien and Lajaunie, Christian and Fleury, Gilles and Seraoui, R{\'e}douane and Garcia, Thomas and Girard, Alexandre},
  booktitle={Signal Processing Conference, 2009 17th European},
  pages={1062--1066},
  year={2009},
  organization={IEEE}
},


@article{egarter2015paldi,
  title={PALDi: Online load disaggregation via particle filtering},
  author={Egarter, Dominik and Bhuvana, Venkata Pathuri and Elmenreich, Wilfried},
  journal={IEEE Transactions on Instrumentation and Measurement},
  volume={64},
  number={2},
  pages={467--477},
  year={2015},
  publisher={IEEE}
},

@inproceedings{hinton1994autoencoders,
  title={Autoencoders, minimum description length and Helmholtz free energy},
  author={Hinton, Geoffrey E and Zemel, Richard S},
  booktitle={Advances in neural information processing systems},
  pages={3--10},
  year={1994}
},

@article{hyvarinen2000independent,
  title={Independent component analysis: algorithms and applications},
  author={Hyv{\"a}rinen, Aapo and Oja, Erkki},
  journal={Neural networks},
  volume={13},
  number={4-5},
  pages={411--430},
  year={2000},
  publisher={Elsevier}
},

@incollection{jolliffe2011principal,
  title={Principal component analysis},
  author={Jolliffe, Ian},
  booktitle={International encyclopedia of statistical science},
  pages={1094--1096},
  year={2011},
  publisher={Springer}
},

@inproceedings{roos1994using,
  title={Using neural networks for non-intrusive monitoring of industrial electrical loads},
  author={Roos, JG and Lane, IE and Botha, EC and Hancke, Gerhard P},
  booktitle={Instrumentation and Measurement Technology Conference, 1994. IMTC/94. Conference Proceedings. 10th Anniversary. Advanced Technologies in I \& M., 1994 IEEE},
  pages={1115--1118},
  year={1994},
  organization={IEEE}
},

@inproceedings{ruiz2016generalized,
  title={The generalized reparameterization gradient},
  author={Ruiz, Francisco R and AUEB, Michalis Titsias RC and Blei, David},
  booktitle={Advances in neural information processing systems},
  pages={460--468},
  year={2016}
},


@inproceedings{wild2015new,
  title={A new unsupervised event detector for non-intrusive load monitoring},
  author={Wild, Benjamin and Barsim, Karim Said and Yang, Bin},
  booktitle={Signal and Information Processing (GlobalSIP), 2015 IEEE Global Conference on},
  pages={73--77},
  year={2015},
  organization={IEEE}
},

@article{hoshiya1984structural,
  title={Structural identification by extended Kalman filter},
  author={Hoshiya, Masaru and Saito, Etsuro},
  journal={Journal of engineering mechanics},
  volume={110},
  number={12},
  pages={1757--1770},
  year={1984},
  publisher={American Society of Civil Engineers}
},

@article{geweke1989bayesian,
  title={Bayesian inference in econometric models using Monte Carlo integration},
  author={Geweke, John},
  journal={Econometrica: Journal of the Econometric Society},
  pages={1317--1339},
  year={1989},
  publisher={JSTOR}
},


@article{paisley2012variational,
  title={Variational Bayesian inference with stochastic search},
  author={Paisley, John and Blei, David and Jordan, Michael},
  journal={arXiv preprint arXiv:1206.6430},
  year={2012}
},

@article{casella1996rao,
  title={Rao-Blackwellisation of sampling schemes},
  author={Casella, George and Robert, Christian P},
  journal={Biometrika},
  volume={83},
  number={1},
  pages={81--94},
  year={1996},
  publisher={Oxford University Press}
},


@article{nelson1987control,
  title={On control variate estimators.},
  author={Nelson, Barry L},
  journal={Computers \& OR},
  volume={14},
  number={3},
  pages={219--225},
  year={1987}
},


@inproceedings{arjovsky2017wasserstein,
  title={Wasserstein generative adversarial networks},
  author={Arjovsky, Martin and Chintala, Soumith and Bottou, L{\'e}on},
  booktitle={International Conference on Machine Learning},
  pages={214--223},
  year={2017}
},


@article{rao1962simple,
  title={On a simple procedure of unequal probability sampling without replacement},
  author={Rao, J NoK and Hartley, HO and Cochran, WG},
  journal={Journal of the Royal Statistical Society. Series B (Methodological)},
  pages={482--491},
  year={1962},
  publisher={JSTOR}
},


@article{chao1982general,
  title={A general purpose unequal probability sampling plan},
  author={Chao, MT},
  journal={Biometrika},
  volume={69},
  number={3},
  pages={653--656},
  year={1982},
  publisher={Oxford University Press}
},

@book{brewer2013sampling,
  title={Sampling with unequal probabilities},
  author={Brewer, Ken RW and Hanif, Muhammad},
  volume={15},
  year={2013},
  publisher={Springer Science \& Business Media}
},

@article{schaffer1988nondiverging,
  title={A nondiverging polar-form Newton-based power flow},
  author={Schaffer, Michael D and Tylavsky, Daniel J},
  journal={IEEE Transactions on Industry Applications},
  volume={24},
  number={5},
  pages={870--877},
  year={1988},
  publisher={IEEE}
},

@article{kirschen1988mw,
  title={MW/voltage control in a linear programming based optimal power flow},
  author={Kirschen, Daniel S and Van Meeteren, Hans P},
  journal={IEEE Transactions on Power Systems},
  volume={3},
  number={2},
  pages={481--489},
  year={1988},
  publisher={IEEE}
},

@article{grudinin1998reactive,
  title={Reactive power optimization using successive quadratic programming method},
  author={Grudinin, N},
  journal={IEEE Transactions on Power Systems},
  volume={13},
  number={4},
  pages={1219--1225},
  year={1998},
  publisher={IEEE}
},

@article{ponrajah1989minimum,
  title={The minimum cost optimal power flow problem solved via the restart homotopy continuation method},
  author={Ponrajah, Ranendra Anthony and Galiana, FD},
  journal={IEEE Transactions on Power Systems},
  volume={4},
  number={1},
  pages={139--148},
  year={1989},
  publisher={IEEE}
},

@book{range2013holomorphic,
  title={Holomorphic functions and integral representations in several complex variables},
  author={Range, R Michael},
  volume={108},
  year={2013},
  publisher={Springer Science \& Business Media}
},


@article{beach2000reliable,
  title={Reliable Pad{\'e} analytical continuation method based on a high-accuracy symbolic computation algorithm},
  author={Beach, KSD and Gooding, RJ and Marsiglio, F},
  journal={Physical Review B},
  volume={61},
  number={8},
  pages={5147},
  year={2000},
  publisher={APS}
},



@article{barto2004j,
  title={J. 4 supervised actor-critic reinforcement learning},
  author={Barto, MTRAG and Rosenstein, Michael T},
  journal={Handbook of learning and approximate dynamic programming},
  volume={2},
  pages={359},
  year={2004}
},


@incollection{NIPS2018_7948,
title = {End-to-End Differentiable Physics for Learning and Control},
author = {de Avila Belbute-Peres, Filipe and Smith, Kevin and Allen, Kelsey and Tenenbaum, Josh and Kolter, J. Zico},
booktitle = {Advances in Neural Information Processing Systems 31},
editor = {S. Bengio and H. Wallach and H. Larochelle and K. Grauman and N. Cesa-Bianchi and R. Garnett},
pages = {7178--7189},
year = {2018},
publisher = {Curran Associates, Inc.},
url = {http://papers.nips.cc/paper/7948-end-to-end-differentiable-physics-for-learning-and-control.pdf}
},


@article{zimmerman2011matpower,
  title={MATPOWER: Steady-state operations, planning, and analysis tools for power systems research and education},
  author={Zimmerman, Ray Daniel and Murillo-S{\'a}nchez, Carlos Edmundo and Thomas, Robert John and others},
  journal={IEEE Transactions on power systems},
  volume={26},
  number={1},
  pages={12--19},
  year={2011},
  publisher={Institute of Electrical and Electronics Engineers, Inc., 3 Park Avenue, 17~…}
},

@inproceedings{patri2014extracting,
  title={Extracting discriminative features for event-based electricity disaggregation},
  author={Patri, Om P and Panangadan, Anand V and Chelmis, Charalampos and Prasanna, Viktor K},
  booktitle={Technologies for Sustainability (SusTech), 2014 IEEE Conference on},
  pages={232--238},
  year={2014},
  organization={IEEE}
},


@inproceedings{pereira2015semi,
  title={Semi-automatic labeling for public non-intrusive load monitoring datasets},
  author={Pereira, Lucas and Nunes, Nuno J},
  booktitle={Sustainable Internet and ICT for Sustainability (SustainIT), 2015},
  pages={1--4},
  year={2015},
  organization={IEEE}
},

@article{faustine2017survey,
  title={A survey on non-intrusive load monitoring methodies and techniques for energy disaggregation problem},
  author={Faustine, Anthony and Mvungi, Nerey Henry and Kaijage, Shubi and Michael, Kisangiri},
  journal={arXiv preprint arXiv:1703.00785},
  year={2017}
},


@inproceedings{gutmann2008parameter,
  title={Parameter learning in probabilistic databases: A least squares approach},
  author={Gutmann, Bernd and Kimmig, Angelika and Kersting, Kristian and De Raedt, Luc},
  booktitle={Joint European Conference on Machine Learning and Knowledge Discovery in Databases},
  pages={473--488},
  year={2008},
  organization={Springer}
},


@article{casella1992explaining,
  title={Explaining the Gibbs sampler},
  author={Casella, George and George, Edward I},
  journal={The American Statistician},
  volume={46},
  number={3},
  pages={167--174},
  year={1992},
  publisher={Taylor \& Francis}
},

@incollection{jaakkola1998improving,
  title={Improving the mean field approximation via the use of mixture distributions},
  author={Jaakkola, Tommi S and Jordan, Michael I},
  booktitle={Learning in graphical models},
  pages={163--173},
  year={1998},
  publisher={Springer}
}