@article{wallace2016alternative,
  title={Alternative PV bus modelling with the holomorphic embedding load flow method},
  author={Wallace, I and Roberts, D and Grothey, A and McKinnon, KIM},
  journal={arXiv preprint arXiv:1607.00163},
  year={2016}
},

@article{stott2009dc,
  title={DC power flow revisited},
  author={Stott, Brian and Jardim, Jorge and Alsa{\c{c}}, Ongun},
  journal={IEEE Transactions on Power Systems},
  volume={24},
  number={3},
  pages={1290--1300},
  year={2009},
  publisher={IEEE}
},

@article{carpentier1962contribution,
  title={Contribution a l’etude du dispatching economique},
  author={Carpentier, J},
  journal={Bulletin de la Societe Francaise des Electriciens},
  volume={3},
  number={1},
  pages={431--447},
  year={1962}
},

@article{tamura1983relationship,
  title={Relationship between voltage instability and multiple load flow solutions in electric power systems},
  author={Tamura, Y and Mori, H and Iwamoto, S},
  journal={IEEE Transactions on power apparatus and systems},
  number={5},
  pages={1115--1125},
  year={1983},
  publisher={IEEE}
},


@inproceedings{okumura1991solution,
  title={Solution of ill-conditioned load flow equation by homotopy continuation method},
  author={Okumura, Kohshi and Terai, Kenji and Kishima, Akira},
  booktitle={Circuits and Systems, 1991., IEEE International Sympoisum on},
  pages={2897--2899},
  year={1991},
  organization={IEEE}
},

@article{milano2009continuous,
  title={Continuous Newton's method for power flow analysis},
  author={Milano, Federico},
  journal={IEEE Transactions on Power Systems},
  volume={24},
  number={1},
  pages={50--57},
  year={2009},
  publisher={IEEE}
},

@article{thorp1997load,
  title={Load-flow fractals draw clues to erratic behaviour},
  author={Thorp, James S and Naqavi, Syed A},
  journal={IEEE Computer Applications in Power},
  volume={10},
  number={1},
  pages={59--62},
  year={1997},
  publisher={IEEE}
},

@article{lawler1966branch,
  title={Branch-and-bound methods: A survey},
  author={Lawler, Eugene L and Wood, David E},
  journal={Operations research},
  volume={14},
  number={4},
  pages={699--719},
  year={1966},
  publisher={INFORMS}
},


@inproceedings{trias2012holomorphic,
  title={The holomorphic embedding load flow method},
  author={Trias, Antonio},
  booktitle={Power and Energy Society General Meeting, 2012 IEEE},
  pages={1--8},
  year={2012},
  organization={IEEE}
},

@article{trias2015fundamentals,
  title={Fundamentals of the holomorphic embedding load-flow method},
  author={Trias, Antonio},
  journal={arXiv preprint arXiv:1509.02421},
  year={2015}
},

@inproceedings{subramanian2013pv,
  title={PV bus modeling in a holomorphically embedded power-flow formulation},
  author={Subramanian, Muthu Kumar and Feng, Yang and Tylavsky, Daniel},
  booktitle={North American Power Symposium (NAPS), 2013},
  pages={1--6},
  year={2013},
  organization={IEEE}
},

@misc{re_europe, title={The RE-Europe data set}, DOI={10.5281/zenodo.35177}, publisher={Zenodo}, author={Jensen, Tue V. and de Sevin, Hugo and Greiner, Martin and Pinson, Pierre}, year={2015}, month={Dec}},

@article{wainwright2008graphical,
  title={Graphical models, exponential families, and variational inference},
  author={Wainwright, Martin J and Jordan, Michael I and others},
  journal={Foundations and Trends{\textregistered} in Machine Learning},
  volume={1},
  number={1--2},
  pages={1--305},
  year={2008},
  publisher={Now Publishers, Inc.}
},

@inproceedings{lange2018factornet,
  title={FactorNet: Learning to Factorize Intractable and Multi-Modal Posterior Distributions for Energy Disaggregation},
  author={Lange, Henning and Berg{\'e}s, Mario},
  booktitle={Proceedings of the 4th International Workshop on Non-Intrusive Load Monitoring},
  year={2018}
},

@article{shah2018without,
  title={Without-replacement sampling for particle methods on finite state spaces},
  author={Shah, Rohan and Kroese, Dirk P},
  journal={Statistics and Computing},
  volume={28},
  number={3},
  pages={633--652},
  year={2018},
  publisher={Springer}
},


@article{deville1998unequal,
  title={Unequal probability sampling without replacement through a splitting method},
  author={Deville, Jean-Claude and Tille, Yves},
  journal={Biometrika},
  volume={85},
  number={1},
  pages={89--101},
  year={1998},
  publisher={Oxford University Press}
},


@article{mnih2014neural,
  title={Neural variational inference and learning in belief networks},
  author={Mnih, Andriy and Gregor, Karol},
  journal={arXiv preprint arXiv:1402.0030},
  year={2014}
},

@article{stahl1989convergence,
  title={On the convergence of generalized Pad{\'e} approximants},
  author={Stahl, Herbert},
  journal={Constructive Approximation},
  volume={5},
  number={1},
  pages={221--240},
  year={1989},
  publisher={Springer}
},


@article{ferc2012history,
  title={History of optimal power flow and formulations},
  author={Cain, Mary B and O’neill, Richard P and Castillo, Anya},
  journal={Federal Energy Regulatory Commission},
  pages={1--36},
  year={2012}
},


@article{barto2004j,
  title={J. 4 supervised actor-critic reinforcement learning},
  author={Barto, MTRAG and Rosenstein, Michael T},
  journal={Handbook of learning and approximate dynamic programming},
  volume={2},
  pages={359},
  year={2004}
},


@incollection{NIPS2018_7948,
title = {End-to-End Differentiable Physics for Learning and Control},
author = {de Avila Belbute-Peres, Filipe and Smith, Kevin and Allen, Kelsey and Tenenbaum, Josh and Kolter, J. Zico},
booktitle = {Advances in Neural Information Processing Systems 31},
editor = {S. Bengio and H. Wallach and H. Larochelle and K. Grauman and N. Cesa-Bianchi and R. Garnett},
pages = {7178--7189},
year = {2018},
publisher = {Curran Associates, Inc.},
url = {http://papers.nips.cc/paper/7948-end-to-end-differentiable-physics-for-learning-and-control.pdf}
},


@article{zimmerman2011matpower,
  title={MATPOWER: Steady-state operations, planning, and analysis tools for power systems research and education},
  author={Zimmerman, Ray Daniel and Murillo-S{\'a}nchez, Carlos Edmundo and Thomas, Robert John and others},
  journal={IEEE Transactions on power systems},
  volume={26},
  number={1},
  pages={12--19},
  year={2011},
  publisher={Institute of Electrical and Electronics Engineers, Inc., 3 Park Avenue, 17~…}
},


@article{blei2017variational,
  title={Variational inference: A review for statisticians},
  author={Blei, David M and Kucukelbir, Alp and McAuliffe, Jon D},
  journal={Journal of the American Statistical Association},
  volume={112},
  number={518},
  pages={859--877},
  year={2017},
  publisher={Taylor \& Francis}
},


@article{zhang2017advances,
  title={Advances in Variational Inference},
  author={Zhang, Cheng and Butepage, Judith and Kjellstrom, Hedvig and Mandt, Stephan},
  journal={arXiv preprint arXiv:1711.05597},
  year={2017}
}
